<?xml version="1.0" encoding="UTF-8"?><collection xmlns="http://www.loc.gov/MARC21/slim"><record><leader>00418nam--2200145-i-4500</leader><controlfield tag="001">000023255</controlfield><controlfield tag="002">20161230</controlfield><controlfield tag="005">20161230201034</controlfield><controlfield tag="008">060222s1000------------r-----000-0-eng-d</controlfield><datafield ind1=" " ind2=" " tag="080"><subfield code="a">003.12</subfield></datafield><datafield ind1=" " ind2=" " tag="100"><subfield code="a">Iacobovici-boldisor, C</subfield></datafield><datafield ind1=" " ind2=" " tag="245"><subfield code="a">Metode moderne de determinare si analiza a pretului de cost</subfield></datafield><datafield ind1=" " ind2=" " tag="260"><subfield code="a">Bucuresti, Ed. Ploitica, 1971. 216p</subfield></datafield><datafield ind1=" " ind2=" " tag="490"><subfield code="a">Colectia Biblioteca Org. Si Cond. Stiint</subfield></datafield><datafield ind1=" " ind2=" " tag="852"><subfield code="a">37753</subfield></datafield></record></collection>